%@ARTICLE{
%   author = {},
%    title = "{}",
%  journal = {},
%archivePrefix = "",
%   eprint = {},
% primaryClass = "",
% keywords = {},
%     year = ,
%    month = ,
%   volume = ,
%      eid = {},
%    pages = {},
%      doi = {},
%   adsurl = {},
%  adsnote = {}
%}
%
@ARTICLE{Smith99,   
author = {{Smith}, J. and {Jones}, M Jr. and {Houghton}, L},
    title = "{Future of health insurance}",
  journal = {N Engl J Med},
     year = 1999,
   volume = 965,
    pages = {325-329}
}


@book{Brown01,
author= {{Brown}, B. and {Aaron}, M},
title= "{The future of modern genomics}",
year = 2001,
publisher="Blackwell", 
address = {London}
}

@incollection{Aron01,
   author = {Aron, M. and Brown, B},
    title = "{The politics of nature.}",
    editor = {Smith, J},
    booktitle = {The rise of modern genomics,3rd edn},
    year = 2001,
    publisher = {Wiley}, 
    address = {New York},
    pages = {234-295}
}

@INPROCEEDINGS{Boisnard06,
   author = {{Boisnard}, L. and {Auvergne}, M},
    title = "{CoRoT in Brief}",
booktitle = {ESA Special Publication},
     year = 2006,
   series = {ESA Special Publication},
   volume = 1306,
   editor = {{Fridlund}, M. and {Baglin}, A. and {Lochard}, J. and {Conroy}, L.
	},
    month = nov,
    pages = {19-22},
   adsurl = {http://esoads.eso.org/abs/2006ESASP1306...19B},
  adsnote = {Provided by the SAO/NASA Astrophysics Data System}
}



@phdthesis{AlmenaraThesis10,
title={Detecci{\'o}n de planetas en sistemas binarios eclipsantes},
author={Almenara, J.M.},
school={Univ. de La Laguna, Tenerife, Spain},
year= 2010,
}

%Standard entry types

%article: Article from a magazine or journal
%book: A published book
%booklet: A work that is printed but have no publisher or sponsoring institution
%conference: An article in a conference proceedings
%inbook: A part of a book (section, chapter and so on)
%incollection: A part of a book having its own title
%inproceedings: An article in a conference proceedings
%misc: Something that doesn't fit in any other type
%phdthesis: A PhD thesis
%proceedings:The same as conference
%techreport: Report published by an institution
%unpublished: Document not formally published, with author and title
