@inproceedings{khurana2013efficient,
  title={Efficient snapshot retrieval over historical graph data},
  author={Khurana, Udayan and Deshpande, Amol},
  booktitle={Proceedings of International Conference on Data Engineering},
  pages={997--1008},
  year={2013},
  organization={IEEE}
}

@inproceedings{han2014chronos,
  title={Chronos: a graph engine for temporal graph analysis},
  author={Han, Wentao and Miao, Youshan and Li, Kaiwei and Wu, Ming and Yang, Fan and Zhou, Lidong and Prabhakaran, Vijayan and Chen, Wenguang and Chen, Enhong},
  booktitle={Proceedings of the Ninth European Conference on Computer Systems},
  pages={1},
  year={2014},
  organization={ACM}
}

@inproceedings{macko2015llama,
  title={LLAMA: Efficient graph analytics using large multiversioned arrays},
  author={Macko, Peter and Marathe, Virendra J and Margo, Daniel W and Seltzer, Margo I},
  booktitle={Proceedings of International Conference on Data Engineering},
  pages={363--374},
  year={2015},
  organization={IEEE}
}

@inproceedings{huo2014efficient,
  title={Efficient temporal shortest path queries on evolving social graphs},
  author={Huo, Wenyu and Tsotras, Vassilis J},
  booktitle={Proceedings of the 26th International Conference on Scientific and Statistical Database Management},
  pages={38},
  year={2014},
  organization={ACM}
}


@inproceedings{khurana2016storing,
  title={Storing and analyzing historical graph data at scale},
  author={Khurana, Udayan and Deshpande, Amol},
  booktitle={Proceedings of International Conference on Extending Database Technology},
  pages={65--76},
  year={2016},
}

